<record><leader>00000cas a2200000 i 4500</leader><controlfield tag="001">956551150</controlfield><controlfield tag="008">160812c2uuu9999dcudn ne      0   k0kor  </controlfield><datafield ind1=" " ind2=" " tag="010"><subfield code="a">  2016211825</subfield></datafield><datafield ind1=" " ind2=" " tag="040"><subfield code="a">DLC</subfield><subfield code="b">eng</subfield><subfield code="e">rda</subfield><subfield code="c">DLC</subfield><subfield code="d">OCLCO</subfield></datafield><datafield ind1=" " ind2=" " tag="066"><subfield code="c">$1</subfield></datafield><datafield ind1=" " ind2=" " tag="042"><subfield code="a">pcc</subfield></datafield><datafield ind1=" " ind2=" " tag="043"><subfield code="a">n-us-dc</subfield><subfield code="a">a-ko---</subfield></datafield><datafield ind1="0" ind2="0" tag="050"><subfield code="a">GV561</subfield><subfield code="b">.I38</subfield></datafield><datafield ind1="0" ind2=" " tag="130"><subfield code="6">880-01</subfield><subfield code="a">Ilgan su&#774;p'och'u&#774; (Washington, D.C.)</subfield></datafield><datafield ind1="1" ind2="0" tag="245"><subfield code="6">880-02</subfield><subfield code="a">Ilgan su&#774;p'och'u&#774;.</subfield></datafield><datafield ind1=" " ind2="1" tag="264"><subfield code="a">Annandale, VA :</subfield><subfield code="b">[Washington DC JoongAng Ilbo]</subfield></datafield><datafield ind1=" " ind2=" " tag="300"><subfield code="a">volumes :</subfield><subfield code="b">illustrations ;</subfield><subfield code="c">56 cm</subfield></datafield><datafield ind1=" " ind2=" " tag="310"><subfield code="a">Daily (except Sundays and holidays) ?</subfield></datafield><datafield ind1=" " ind2=" " tag="336"><subfield code="a">text</subfield><subfield code="b">txt</subfield><subfield code="2">rdacontent</subfield></datafield><datafield ind1=" " ind2=" " tag="337"><subfield code="a">unmediated</subfield><subfield code="b">n</subfield><subfield code="2">rdamedia</subfield></datafield><datafield ind1=" " ind2=" " tag="338"><subfield code="a">volume</subfield><subfield code="b">nc</subfield><subfield code="2">rdacarrier</subfield></datafield><datafield ind1=" " ind2=" " tag="588"><subfield code="a">Description based on: Saturday, July 9, 2016.</subfield></datafield><datafield ind1=" " ind2=" " tag="588"><subfield code="a">Latest issue consulted: Saturday, July 9, 2016.</subfield></datafield><datafield ind1=" " ind2="0" tag="650"><subfield code="a">Sports</subfield><subfield code="v">Periodicals.</subfield></datafield><datafield ind1=" " ind2="0" tag="650"><subfield code="a">Sports</subfield><subfield code="z">Korea (South)</subfield><subfield code="v">Periodicals.</subfield></datafield><datafield ind1=" " ind2="0" tag="650"><subfield code="a">Koreans</subfield><subfield code="z">Washington (D.C.)</subfield><subfield code="v">Newspapers.</subfield></datafield><datafield ind1=" " ind2="0" tag="651"><subfield code="a">Korea (South)</subfield><subfield code="v">Newspapers.</subfield></datafield><datafield ind1=" " ind2="0" tag="651"><subfield code="a">Washington (D.C.)</subfield><subfield code="v">Newspapers.</subfield></datafield><datafield ind1="2" ind2=" " tag="710"><subfield code="6">880-03</subfield><subfield code="a">Chungang Ilbosa.</subfield></datafield><datafield ind1=" " ind2=" " tag="752"><subfield code="a">United States</subfield><subfield code="b">District of Columbia</subfield><subfield code="d">Washington.</subfield></datafield><datafield ind1=" " ind2=" " tag="850"><subfield code="a">DLC</subfield></datafield><datafield ind1="0" ind2=" " tag="880"><subfield code="6">130-01/$1</subfield><subfield code="a">&#51068;&#44036; &#49828;&#54252;&#52768;  (Washington, D.C.)</subfield></datafield><datafield ind1="1" ind2="0" tag="880"><subfield code="6">245-02/$1</subfield><subfield code="a">&#51068;&#44036; &#49828;&#54252;&#52768;.</subfield></datafield><datafield ind1="2" ind2=" " tag="880"><subfield code="6">710-03/$1</subfield><subfield code="a">&#51473;&#50521; &#51068;&#48372;&#49324;.</subfield></datafield></record>